@book{97Things,
	title =     {97 Things Every Programmer Should Know: Collective Wisdom from the Experts},
	author =    {Kevlin Henney},
	publisher = {O'Reilly Media},
	isbn =      {9780596809485,0596809484},
	year =      {2010},
	edition =   {1}
}

@article{DavePlume,
	author = {Dave Plume},
	title = {A Calculator for Exact Real Number Computation},
	year = {1998},
}

@article{PietroDiGianantonio,
  author = {Pietro di Gianantonio},
  title = {A Golden Ratio Notation for the Real Numbers},
  year = {1997}
}

@book{Minsky,
	title = {Computation: Finite and Infinite Machines},
	author = {Marvin Lee Minsky},
	publisher = {Prentice Hall},
	isbn = {9780131655638,0131655639},
	year = {1967}
}